Account Name       :                	Mr. Naman  Jain
Address            :	S/O: Ajay Kumar Jain, 64, parthavi Nagar
                                    	, hirapur
                                    	Tatibandh-492099
                                    	410:Raipur
Date               :                	10 May 2025
Account Number     :	_00000040020446656
Account Description:	LOTUS SAVING  BANK-ADHAR- CHQ
Branch             :	KABIR NAGAR, RAIPUR
Drawing Power      :	0.00
Interest Rate(% p.a.):	2.7
MOD Balance      :	0.00
CIF No.          :	_90730717584
IFS (Indian Financial System) Code         :	SBIN0017732
CKYCR Number          :	XXXXXXXXXX4947
MICR (Magnetic Ink Character Recognition)  Code        :	_492002052
Nomination Registered    :	No 
Balance on 1 Apr 2025        :	76,078.66
Start Date          :	1 Apr 2025
End Date            :	30 Apr 2025
Txn Date	Value Date	Description	Ref No./Cheque No.	        Debit	Credit	Balance	
1 Apr 2025	1 Apr 2025	   TO TRANSFER-UPI/DR/545761718415/I G ENTE/YESB/q706482941/UPI--	TRANSFER TO 4897692162094	29.00	 	76,049.66
3 Apr 2025	3 Apr 2025	   BY TRANSFER-UPI/CR/509361014383/Ishan  B/SBIN/ishanbawne/UPI--	TRANSFER FROM 4897736162097	 	19,921.00	95,970.66
3 Apr 2025	3 Apr 2025	   TO TRANSFER-UPI/DR/509365995262/IRCTC UTS/YESB/paytm-8727/UPI--	TRANSFER TO 4897694162092	200.00	 	95,770.66
5 Apr 2025	5 Apr 2025	   TO TRANSFER-UPI/DR/546107679750/MUMBAI M/YESB/mumbaimetr/Payme--	TRANSFER TO 4897696162090	60.00	 	95,710.66
6 Apr 2025	6 Apr 2025	   TO TRANSFER-UPI/DR/102699639434/MANILAL /YESB/paytmqr5xp/UPI--	TRANSFER TO 4897690162095	10.00	 	95,700.66
6 Apr 2025	6 Apr 2025	   TO TRANSFER-UPI/DR/546226326363/DINESHKU/UBIN/dineshyada/UPI--	TRANSFER TO 4897690162095	36.00	 	95,664.66
6 Apr 2025	6 Apr 2025	   TO TRANSFER-UPI/DR/509615595273/I G ENTE/YESB/q690047643/UPI--	TRANSFER TO 4897690162095	29.00	 	95,635.66
10 Apr 2025	10 Apr 2025	   BY TRANSFER-UPI/CR/102906076249/AKANKSHA/HDFC/akankshaak/medic--	TRANSFER FROM 4897736162097	 	10,000.00	1,05,635.66
10 Apr 2025	10 Apr 2025	   TO TRANSFER-UPI/DR/510060395685/Iftekhar/AIRP/4268445245/Payme--	TRANSFER TO 4897694162092	26.00	 	1,05,609.66
11 Apr 2025	11 Apr 2025	   TO TRANSFER-UPI/DR/510193021509/NAMAN JAIN/HDFC/jainnaman0/UPI--	TRANSFER TO 4897695162091	40,000.00	 	65,609.66
11 Apr 2025	11 Apr 2025	   TO TRANSFER-UPI/DR/510160726240/NAMAN JAIN/HDFC/jainnaman0/UPI--	TRANSFER TO 4897695162091	20,000.00	 	45,609.66
12 Apr 2025	12 Apr 2025	   TO TRANSFER-UPI/DR/510267555453/Anita Ma/KKBK/8850905125/UPI--	TRANSFER TO 4897696162090	27.00	 	45,582.66
12 Apr 2025	12 Apr 2025	   TO TRANSFER-UPI/DR/510274876536/I G ENTE/YESB/q706482941/UPI--	TRANSFER TO 4897696162090	52.00	 	45,530.66
15 Apr 2025	15 Apr 2025	   TO TRANSFER-UPI/DR/510516830860/DILEEP R/YESB/paytmqr60w/UPI--	TRANSFER TO 4897692162094	50.00	 	45,480.66
15 Apr 2025	15 Apr 2025	   TO TRANSFER-UPI/DR/547113247063/DILEEP R/YESB/paytmqr68r/UPI--	TRANSFER TO 4897692162094	30.00	 	45,450.66
16 Apr 2025	16 Apr 2025	   TO TRANSFER-UPI/DR/510697363080/GANESHKU/UBIN/8452919043/UPI--	TRANSFER TO 4897693162093	26.00	 	45,424.66
20 Apr 2025	20 Apr 2025	   TO TRANSFER-UPI/DR/511010526432/MUMBAI M/UTIB/mumbaimetr/Payme--	TRANSFER TO 4897690162095	30.00	 	45,394.66
23 Apr 2025	23 Apr 2025	   TO TRANSFER-UPI/DR/511357758320/SRIMATI /UBIN/rajkumarpr/UPI--	TRANSFER TO 4897693162093	26.00	 	45,368.66
29 Apr 2025	29 Apr 2025	   TO TRANSFER-UPI/DR/511993706253/RAM SANJ/YESB/paytm.s1ad/UPI--	TRANSFER TO 4897692162094	10.00	 	45,358.66

**This is a computer generated statement and does not require a signature

